<record><leader>00000cas a2200000 a 4500</leader><controlfield tag="001">11401038</controlfield><controlfield tag="008">841119d19791983ksuwr ne      0   a0eng d</controlfield><datafield ind1=" " ind2=" " tag="010"><subfield code="a">sn 84029549 </subfield></datafield><datafield ind1=" " ind2=" " tag="040"><subfield code="a">KSH</subfield><subfield code="b">eng</subfield><subfield code="c">KSH</subfield><subfield code="d">NPT</subfield><subfield code="d">OCL</subfield><subfield code="d">OCLCQ</subfield></datafield><datafield ind1=" " ind2=" " tag="042"><subfield code="a">msc</subfield></datafield><datafield ind1="0" ind2="0" tag="245"><subfield code="a">Tele-news.</subfield></datafield><datafield ind1=" " ind2=" " tag="260"><subfield code="a">Baldwin City, Kan. :</subfield><subfield code="b">Monte M. Miller,</subfield><subfield code="c">1979-1983.</subfield></datafield><datafield ind1=" " ind2=" " tag="300"><subfield code="a">4 v. :</subfield><subfield code="b">ill. ;</subfield><subfield code="c">58 cm.</subfield></datafield><datafield ind1=" " ind2=" " tag="310"><subfield code="a">Weekly</subfield></datafield><datafield ind1="0" ind2=" " tag="362"><subfield code="a">Vol. 94, issue 26 (Apr. 5, 1979)-v. 98, issue 33 (May 26, 1983).</subfield></datafield><datafield ind1=" " ind2=" " tag="521"><subfield code="a">"Serving Baldwin City, Wellsville, and Eudora."</subfield></datafield><datafield ind1=" " ind2=" " tag="580"><subfield code="a">Formed by the union of: Tele-news (Baldwin City, Kan. : Baldwin ledger ed.), Tele-news (Baldwin City, Kan. : Eudora enterprise ed.) and Tele-news (Baldwin City, Kan. : Wellsville globe ed.).</subfield></datafield><datafield ind1=" " ind2=" " tag="752"><subfield code="a">United States</subfield><subfield code="b">Kansas</subfield><subfield code="c">Douglas</subfield><subfield code="d">Baldwin City.</subfield></datafield><datafield ind1="1" ind2="4" tag="780"><subfield code="t">Tele-news (Baldwin City, Kan. : Baldwin ledger ed.)</subfield><subfield code="w">(DLC)sn 84029804</subfield></datafield><datafield ind1="1" ind2="4" tag="780"><subfield code="t">Tele-news (Baldwin City, Kan. : Eudora enterprise ed.)</subfield><subfield code="w">(DLC)sn 84029805</subfield></datafield><datafield ind1="1" ind2="4" tag="780"><subfield code="t">Tele-news (Baldwin City, Kan. : Wellsville globe ed.)</subfield><subfield code="w">(DLC)sn 84030091</subfield></datafield><datafield ind1="0" ind2="0" tag="785"><subfield code="t">Baldwin ledger</subfield><subfield code="w">(DLC)sn 83009089</subfield></datafield></record>